@ARTICLE{integerLatticeDynamics,
      author         = "Mocz, Philip and Succi, Sauro",
      title          = "{Integer lattice dynamics for Vlasov–Poisson}",
      journal        = "Mon. Not. Roy. Astron. Soc.",
      volume         = "465",
      year           = "2017",
      number         = "3",
      pages          = "3154-3162",
      doi            = "10.1093/mnras/stw2928",
      eprint         = "1611.02757",
      archivePrefix  = "arXiv",
      primaryClass   = "astro-ph.GA",
      SLACcitation   = "%%CITATION = ARXIV:1611.02757;%%"
}

@article{beyondColl,
      author         = "Tulin, Sean and Yu, Hai-Bo and Zurek, Kathryn M.",
      title          = "{Beyond Collisionless Dark Matter: Particle Physics
                        Dynamics for Dark Matter Halo Structure}",
      journal        = "Phys. Rev.",
      volume         = "D87",
      year           = "2013",
      number         = "11",
      pages          = "115007",
      doi            = "10.1103/PhysRevD.87.115007",
      eprint         = "1302.3898",
      archivePrefix  = "arXiv",
      primaryClass   = "hep-ph",
      SLACcitation   = "%%CITATION = ARXIV:1302.3898;%%"
}

@mastersthesis{franco,
  author       = {Sebastián Franco Ulloa}, 
  title        = {Simulaciones de un fluido débilmente auto-interactuante con métodos de Lattice-Boltzmann},
  school       = {Universidad de los Andes},
  year         = 2017,
  month        = 5,
}

@article{planckCitetion,
      author         = "Ade, P. A. R. and others",
      title          = "{Planck 2013 results. I. Overview of products and
                        scientific results}",
      collaboration  = "Planck",
      journal        = "Astron. Astrophys.",
      volume         = "571",
      year           = "2014",
      pages          = "A1",
      doi            = "10.1051/0004-6361/201321529",
      eprint         = "1303.5062",
      archivePrefix  = "arXiv",
      primaryClass   = "astro-ph.CO",
      reportNumber   = "CERN-PH-TH-2013-115",
      SLACcitation   = "%%CITATION = ARXIV:1303.5062;%%"
}

@article{aHistory,
      author         = "Bertone, Gianfranco and Hooper, Dan",
      title          = "{A History of Dark Matter}",
      journal        = "Submitted to: Rev. Mod. Phys.",
      year           = "2016",
      eprint         = "1605.04909",
      archivePrefix  = "arXiv",
      primaryClass   = "astro-ph.CO",
      reportNumber   = "FERMILAB-PUB-16-157-A",
      SLACcitation   = "%%CITATION = ARXIV:1605.04909;%%"
}

@inproceedings{mariangela,
      author         = "Lisanti, Mariangela",
      title          = "{Lectures on Dark Matter Physics}",
      booktitle      = "{Proceedings, Theoretical Advanced Study Institute in
                        Elementary Particle Physics: New Frontiers in Fields and
                        Strings (TASI 2015): Boulder, CO, USA, June 1-26, 2015}",
      year           = "2017",
      url            = "https://inspirehep.net/record/1427360/files/arXiv:1603.03797.pdf",
      pages          = "399-446",
      doi            = "10.1142/9789813149441_0007",
      eprint         = "1603.03797",
      archivePrefix  = "arXiv",
      primaryClass   = "hep-ph",
      SLACcitation   = "%%CITATION = ARXIV:1603.03797;%%"
}

@ARTICLE{cosmic1991,
   author = {{Gondolo}, P. and {Gelmini}, G.},
    title = "{Cosmic abundances of stable particles: improved analysis.}",
  journal = {Nuclear Physics B},
     year = 1991,
    month = aug,
   volume = 360,
    pages = {145-179},
      doi = {10.1016/0550-3213(91)90438-4},
   adsurl = {http://adsabs.harvard.edu/abs/1991NuPhB.360..145G},
  adsnote = {Provided by the SAO/NASA Astrophysics Data System}
}

@book{textLatBoltzmann,
author = {Jian Guo Zhou, Dr},
year = {2004},
month = {01},
pages = {19-33},
title = {Lattice Boltzmann Method},
isbn = {978-3-642-07393-9}
}



@ARTICLE{freePoisson,
   author = {{Fuka}, V.},
    title = "{PoisFFT - A Free Parallel Fast Poisson Solver}",
  journal = {ArXiv e-prints},
archivePrefix = "arXiv",
   eprint = {1409.8116},
 primaryClass = "math.NA",
 keywords = {Mathematics - Numerical Analysis, 65Y05, 65N06, 65N35, 76F65, G.1.2, G.1.8},
     year = 2014,
    month = sep,
   adsurl = {http://adsabs.harvard.edu/abs/2014arXiv1409.8116F},
  adsnote = {Provided by the SAO/NASA Astrophysics Data System}
}

@book{computerUsingParticles,
        resid = {9047},
        status =    {OK},
        title =      {Computer simulation using particles},
        author =      {R.W Hockney, J.W Eastwood},
        size =    {4052364},
        type =   {djvu},
        md5 = {461532bcca86a16123c42462017d0bef},
}

@book{liddleCosmology,
   title =     {An Introduction to Modern Cosmology},
   author =    {Andrew Liddle},
   publisher = {Wiley},
   isbn =      {9780470848340,9780470848357,9780470864531,0470848340,0470848359},
   year =      {2003},
   edition =   {2nd ed},
}


@book{parnovskyCosmology,
   title =     {How the Universe Works: Introduction to Modern Cosmology},
   author =    {Serge Parnovsky, Aleksei Parnowski},
   publisher = {World Scientific Publishing},
   isbn =      {9813234946,9789813234949,9813234954,9789813234956},
   year =      {2018},
}


@ARTICLE{tasiCline,
   author = {{Cline}, J.~M.},
    title = "{TASI Lectures on Early Universe Cosmology: Inflation, Baryogenesis and Dark Matter}",
  journal = {ArXiv e-prints},
archivePrefix = "arXiv",
   eprint = {1807.08749},
 primaryClass = "hep-ph",
 keywords = {High Energy Physics - Phenomenology, Astrophysics - Cosmology and Nongalactic Astrophysics},
     year = 2018,
    month = jul,
   adsurl = {http://adsabs.harvard.edu/abs/2018arXiv180708749C},
  adsnote = {Provided by the SAO/NASA Astrophysics Data System}
}

@ARTICLE{englishZwicky,
   author = {{Andernach}, H. and {Zwicky}, F.},
    title = "{English and Spanish Translation of Zwicky's (1933) The Redshift of Extragalactic Nebulae}",
  journal = {ArXiv e-prints},
archivePrefix = "arXiv",
   eprint = {1711.01693},
 primaryClass = "astro-ph.IM",
 keywords = {Astrophysics - Instrumentation and Methods for Astrophysics, Astrophysics - Astrophysics of Galaxies},
     year = 2017,
    month = nov,
   adsurl = {http://adsabs.harvard.edu/abs/2017arXiv171101693A},
  adsnote = {Provided by the SAO/NASA Astrophysics Data System}
}


@ARTICLE{schwarzschildSon,
   author = {Schwarzschild, M.},
    title = "{Mass distribution and mass-luminosity ratio in galaxies}",
     year = 1954,
    month = sep,
   volume = 59,
    pages = {273},
      doi = {10.1086/107013},
   adsurl = {http://adsabs.harvard.edu/abs/1954AJ.....59..273S},
  adsnote = {Provided by the SAO/NASA Astrophysics Data System}
}

@ARTICLE{penzias,
   author = {Penzias, A.},
    title = "{Free Hydrogen in the Pegasus I Cluster of Galaxies.}",
     year = 1961,
    month = mar,
   volume = 66,
    pages = {293},
      doi = {10.1086/108555},
   adsurl = {http://adsabs.harvard.edu/abs/1961AJ.....66R.293P},
  adsnote = {Provided by the SAO/NASA Astrophysics Data System}
}

@ARTICLE{meekins,
   author = {Meekins J.~F. and Fritz G. and Chubb T.~A. and Friedman H.},
    title = "{Physical Sciences: X-rays from the Coma Cluster of Galaxies}",
     year = 1971,
    month = may,
   volume = 231,
    pages = {107-108},
      doi = {10.1038/231107a0},
   adsurl = {http://adsabs.harvard.edu/abs/1971Natur.231..107M},
  adsnote = {Provided by the SAO/NASA Astrophysics Data System}
}

@article{chandrasekhar,
author = {S. Chandrasekhar, I},
year = {1941},
month = {02},
pages = {285},
title = {The Time of Relaxation of Stellar Systems.},
volume = {93},
booktitle = {The Astrophysical Journal}
}

@ARTICLE{rotCurvesSIm,
   author = {{Xiaochun}, M. and {Kuan}, X. and {Ping}, Y.},
    title = "{The Calculations of Gravity Fields and Rotation Curves of Whirlpool Galaxies and Dark Material}",
  journal = {ArXiv e-prints},
archivePrefix = "arXiv",
   eprint = {0903.1962},
 primaryClass = "physics.gen-ph",
 keywords = {Physics - General Physics},
     year = 2009,
    month = mar,
   adsurl = {http://adsabs.harvard.edu/abs/2009arXiv0903.1962X},
  adsnote = {Provided by the SAO/NASA Astrophysics Data System}
}

@ARTICLE{h21Line,
   author = {{Rogstad}, D.~H. and {Shostak}, G.~S.},
    title = "{Gross Properties of Five Scd Galaxies as Determined from 21-CENTIMETER Observations}",
     year = 1972,
    month = sep,
   volume = 176,
    pages = {315},
      doi = {10.1086/151636},
   adsurl = {http://adsabs.harvard.edu/abs/1972ApJ...176..315R},
  adsnote = {Provided by the SAO/NASA Astrophysics Data System}
}


@ARTICLE{galactoDistance,
   author = {{Roberts}, M.~S. and {Whitehurst}, R.~N.},
    title = "{The rotation curve and geometry of M31 at large galactocentric distances.}",
     year = 1975,
    month = oct,
   volume = 201,
    pages = {327-346},
      doi = {10.1086/153889},
   adsurl = {http://adsabs.harvard.edu/abs/1975ApJ...201..327R},
  adsnote = {Provided by the SAO/NASA Astrophysics Data System}
}


@ARTICLE{veraFirst,
   author = {{Rubin}, V.~C. and {Ford}, Jr., W.~K.},
    title = "{Rotation of the Andromeda Nebula from a Spectroscopic Survey of Emission Regions}",
     year = 1970,
    month = feb,
   volume = 159,
    pages = {379},
      doi = {10.1086/150317},
   adsurl = {http://adsabs.harvard.edu/abs/1970ApJ...159..379R},
  adsnote = {Provided by the SAO/NASA Astrophysics Data System}
}

@ARTICLE{theIsMassOutside,
   author = {{Ostriker}, J.~P. and {Peebles}, P.~J.~E. and {Yahil}, A.},
    title = "{The size and mass of galaxies, and the mass of the universe}",
 keywords = {Cosmology, Size Determination, Spiral Galaxies, Density Distribution, Galactic Structure, Mass, Mass Ratios, Stellar Luminosity},
     year = 1974,
    month = oct,
   volume = 193,
    pages = {L1-L4},
      doi = {10.1086/181617},
   adsurl = {http://adsabs.harvard.edu/abs/1974ApJ...193L...1O},
  adsnote = {Provided by the SAO/NASA Astrophysics Data System}
}

@ARTICLE{FWN,
   author = {{Navarro}, J.~F. and {Frenk}, C.~S. and {White}, S.~D.~M.},
    title = "{The Structure of Cold Dark Matter Halos}",
   eprint = {astro-ph/9508025},
 keywords = {COSMOLOGY: THEORY, COSMOLOGY: DARK MATTER, GALAXIES: HALOS, METHODS: NUMERICAL},
     year = 1996,
    month = may,
   volume = 462,
    pages = {563},
      doi = {10.1086/177173},
   adsurl = {http://adsabs.harvard.edu/abs/1996ApJ...462..563N},
  adsnote = {Provided by the SAO/NASA Astrophysics Data System}
}

@phdthesis{asinari,
    title    = {Multi-Scale Analysis of Heat and Mass Transfer in Mini/Micro-Structures},
    school   = {Politecnico di Torino},
    author   = {Asinari, Prieto},
    year     = {2005},
}

@book{reif,
   title =     {Fundamentals of statistical and thermal physics},
   author =    {Frederick Reif},
   publisher = {McGraw-Hill Science/Engineering/Math},
   isbn =      {0070518009,9780070518001},
   year =      {1965},
   series =    {McGraw-Hill Series in Fundamentals of Physics},
   edition =   {1},

}

@book{book:75350,
   title =     {An introduction to modern astrophysics},
   author =    {Carroll B.W., Ostlie D.A.},
   publisher = {},
   isbn =      {0321442849,9780321442840},
   year =      {2007},
   edition =   {2ed., Pearson},

}

@Article{FFTW,
  author = 	 {Frigo, Matteo and Johnson, Steven~G.},
  title = 	 {The Design and Implementation of {FFTW3}},
  journal = 	 {Proceedings of the IEEE},
  year = 	 2005,
  volume =	 93,
  number =	 2,
  pages =	 {216--231},
  note =	 {Special issue on ``Program Generation, Optimization, and Platform Adaptation''}
}

@book{book:75345,
   title =     {Galaxies in the Universe: An Introduction},
   author =    {Linda S. Sparke, John S. Gallagher  III},
   publisher = {Cambridge University Press},
   isbn =      {0521855934,9780521855938,0521671868,9780521671866},
   year =      {2007},
   series =    {},
   edition =   {2},
   volume =    {},

}

@book{book:15206,
        resid = {15206},
        status =    {OK},
        title =      {Spacetime and geometry: an introduction to General Relativity},
        author =      {Sean Carroll},
        size =    {4836477},
        type =   {djvu},
        isbn = {},
        edition = {},
        volume =    {},
        md5 = {1390317a05846205b53ae7eecbf0179e},
        url =       {}
}
    

@article{singleRelaxTimes0,
author = {Ansumali, Santosh and Karlin, Iliya},
year = {2002},
month = {06},
pages = {056312},
title = {Single relaxation time model for entropic lattice Boltzmann methods},
volume = {65},
journal = {Physical review. E, Statistical, nonlinear, and soft matter physics},
doi = {10.1103/PhysRevE.65.056312}
}

@ARTICLE{2013JCAP07016N,
   author = { {Nesti}, F. and {Salucci}, P.},
    title = "{The Dark Matter halo of the Milky Way, AD 2013}",
   archivePrefix = "arXiv",
   eprint = {1304.5127},
     year = 2013,
    month = jul,
   volume = 7,
      eid = {016},
    pages = {016},
      doi = {10.1088/1475-7516/2013/07/016},
   adsurl = {http://adsabs.harvard.edu/abs/2013JCAP...07..016N},
  adsnote = {Provided by the SAO/NASA Astrophysics Data System}
}

@ARTICLE{2012PDU150K,
   author = {{Kuhlen}, M. and {Vogelsberger}, M. and {Angulo}, R.},
    title = "{Numerical simulations of the dark universe: State of the art and the next decade}",
  journal = {Physics of the Dark Universe},
archivePrefix = "arXiv",
   eprint = {1209.5745},
 primaryClass = "astro-ph.CO",
     year = 2012,
    month = nov,
   volume = 1,
    pages = {50-93},
      doi = {10.1016/j.dark.2012.10.002},
   adsurl = {http://adsabs.harvard.edu/abs/2012PDU.....1...50K},
  adsnote = {Provided by the SAO/NASA Astrophysics Data System}
}

@ARTICLE{1985ApJ292371D,
   author = {{Davis}, M. and {Efstathiou}, G. and {Frenk}, C.~S. and {White}, S.~D.~M.
	},
    title = "{The evolution of large-scale structure in a universe dominated by cold dark matter}",
 keywords = {Computational Astrophysics, Cosmology, Galactic Clusters, Galactic Evolution, Missing Mass (Astrophysics), Weak Interactions (Field Theory), Astronomical Models, Computerized Simulation, Correlation, Many Body Problem, Mass Distribution, Mass To Light Ratios, Matter (Physics), Radial Velocity, Red Shift},
     year = 1985,
    month = may,
   volume = 292,
    pages = {371-394},
      doi = {10.1086/163168},
   adsurl = {http://adsabs.harvard.edu/abs/1985ApJ...292..371D},
  adsnote = {Provided by the SAO/NASA Astrophysics Data System}
}


@ARTICLE{2014AA571A16P,
   author = {{Planck Collaboration} and {Ade}, P.~A.~R. and {Aghanim}, N. and 
	{Armitage-Caplan}, C. and {Arnaud}, M. and {Ashdown}, M. and 
	{Atrio-Barandela}, F. and {Aumont}, J. and {Baccigalupi}, C. and 
	{Banday}, A.~J. and et al.},
    title = "{Planck 2013 results. XVI. Cosmological parameters}",
archivePrefix = "arXiv",
   eprint = {1303.5076},
 keywords = {cosmic background radiation, cosmological parameters, early Universe, inflation, primordial nucleosynthesis},
     year = 2014,
    month = nov,
   volume = 571,
      eid = {A16},
    pages = {A16},
      doi = {10.1051/0004-6361/201321591},
   adsurl = {http://adsabs.harvard.edu/abs/2014A%26A...571A..16P},
  adsnote = {Provided by the SAO/NASA Astrophysics Data System}
}

@ARTICLE{1954PhRv...94..511B,
   author = {{Bhatnagar}, P.~L. and {Gross}, E.~P. and {Krook}, M.},
    title = "{A Model for Collision Processes in Gases. I. Small Amplitude Processes in Charged and Neutral One-Component Systems}",
  journal = {Physical Review},
     year = 1954,
    month = may,
   volume = 94,
    pages = {511-525},
      doi = {10.1103/PhysRev.94.511},
   adsurl = {http://adsabs.harvard.edu/abs/1954PhRv...94..511B},
  adsnote = {Provided by the SAO/NASA Astrophysics Data System}
}

@ARTICLE{2010arXiv1009.3352F,
   author = {{Filbet}, F. and {Hu}, J. and {Jin}, S.},
    title = "{A Numerical Scheme for the Quantum Boltzmann Equation Efficient in the Fluid Regime}",
  journal = {ArXiv e-prints},
archivePrefix = "arXiv",
   eprint = {1009.3352},
 primaryClass = "math.NA",
 keywords = {Mathematics - Numerical Analysis},
     year = 2010,
    month = sep,
   adsurl = {http://adsabs.harvard.edu/abs/2010arXiv1009.3352F},
  adsnote = {Provided by the SAO/NASA Astrophysics Data System}
}












