@misc{hrdiag,
title = {The Hertzsprung Russell Diagram},
howpublished = {\url{http://www.atlasoftheuniverse.com/hr.html}},
note = {Accessed: 2018-10-15}
}

@misc{WinNT,
  title = {{MS Windows NT} Kernel Description},
  howpublished = {\url{http://web.archive.org/web/20080207010024/http://www.808multimedia.com/winnt/kernel.htm}},
  note = {Accessed: 2010-09-30}
}

@ARTICLE{2000AA361929M,
   author = {{Meibom}, S.},
    title = "{New color-magnitude diagram for the open cluster IC 4651. Deep Str{\"o}mgren uvby CCD photometry in a large field}",
 keywords = {GALAXY: OPEN CLUSTERS AND ASSOCIATIONS: INDIVIDUAL: IC 4651, STARS: HERTZSPRUNG-RUSSEL (HR) AND C-M DIAGRAMS},
     year = 2000,
    month = sep,
   volume = 361,
    pages = {929-936},
   adsurl = {http://adsabs.harvard.edu/abs/2000A%26A...361..929M},
  adsnote = {Provided by the SAO/NASA Astrophysics Data System}
}

@article{article,
author = {Bertelli, G and Bressan, Alessandro and Chiosi, C},
year = {1992},
month = {05},
pages = {522-529},
title = {Setting the clock of stellar models},
doi = {10.1086/171453}
}
