@misc{hrdiag,
title = {The Hertzsprung Russell Diagram},
howpublished = {\url{http://www.atlasoftheuniverse.com/hr.html}},
note = {Accessed: 2018-10-15}
}

@misc{WinNT,
  title = {{MS Windows NT} Kernel Description},
  howpublished = {\url{http://web.archive.org/web/20080207010024/http://www.808multimedia.com/winnt/kernel.htm}},
  note = {Accessed: 2010-09-30}
}